<record xmlns:xsi="http://www.w3.org/2001/XMLSchema-instance" xmlns="http://www.loc.gov/MARC21/slim" xsi:schemaLocation="http://www.loc.gov/MARC21/slim http://www.loc.gov/standards/marcxml/schema/MARC21slim.xsd">

  <leader>01098nam a2200313Ia 4500</leader>
  <datafield ind1=" " tag="999" ind2=" ">
    <subfield code="c">555</subfield>
    <subfield code="d">555</subfield>
  </datafield>
  <controlfield tag="008">170207b2007    cr ||||| |||| 00| | spa d</controlfield>
  <datafield ind1=" " tag="020" ind2=" ">
    <subfield code="a">9789968411233</subfield>
  </datafield>
  <datafield tag="090" ind1=" " ind2=" ">
    <subfield code="a">05.05.03 </subfield>
    <subfield code="b">1477</subfield>
  </datafield>
  <datafield ind2=" " ind1="1" tag="100">
    <subfield code="a">González Villanueva, Gustavo </subfield>
    <subfield code="9">2411</subfield>
  </datafield>
  <datafield tag="245" ind1="1" ind2="0">
    <subfield code="a">Escritores Latinoamericanos: estudio y comentarios: leo-pienso-opino / </subfield>
    <subfield code="c">dirigido por Gustavo González Villanueva</subfield>
  </datafield>
  <datafield ind2=" " tag="260" ind1=" ">
    <subfield code="a">San José, Costa Rica : </subfield>
    <subfield code="b">Promesa, </subfield>
    <subfield code="c">2007</subfield>
  </datafield>
  <datafield ind2=" " ind1=" " tag="300">
    <subfield code="a">120 páginas</subfield>
  </datafield>
  <datafield ind2=" " ind1=" " tag="490">
    <subfield code="a">Escritores Latinoamericanos, Vol.2</subfield>
  </datafield>
  <datafield tag="505" ind1=" " ind2=" ">
    <subfield code="t">Prisión Verde /</subfield>
    <subfield code="r">Ramón Amaya Amador</subfield>
  </datafield>
  <datafield tag="505" ind1=" " ind2=" ">
    <subfield code="t">La loca de Gandoca /</subfield>
    <subfield code="r">Anacristina Rossi</subfield>
  </datafield>
  <datafield ind1=" " tag="505" ind2=" ">
    <subfield code="t">El túnel /</subfield>
    <subfield code="r">Ernesto Sábato</subfield>
  </datafield>
  <datafield ind1="1" tag="600" ind2="4">
    <subfield code="9">2413</subfield>
    <subfield code="a">AMAYA AMADOR, RAMÓN.</subfield>
  </datafield>
  <datafield tag="600" ind1="1" ind2="4">
    <subfield code="9">2414</subfield>
    <subfield code="a">ROSSI, ANA CRISTINA</subfield>
  </datafield>
  <datafield tag="600" ind1="1" ind2="4">
    <subfield code="9">2415</subfield>
    <subfield code="a">SÁBATO, ERNESTO</subfield>
  </datafield>
  <datafield tag="650" ind1="1" ind2="4">
    <subfield code="a">LITERATURA </subfield>
    <subfield code="9">655</subfield>
  </datafield>
  <datafield ind2="4" tag="650" ind1="1">
    <subfield code="a">AUTORES</subfield>
    <subfield code="9">2412</subfield>
  </datafield>
  <datafield tag="650" ind1="1" ind2="4">
    <subfield code="a">BIOGRAFÍAS</subfield>
    <subfield code="9">968</subfield>
  </datafield>
  <datafield tag="651" ind1=" " ind2="4">
    <subfield code="a">AMÉRICA LATINA</subfield>
    <subfield code="9">273</subfield>
  </datafield>
  <datafield ind1="1" tag="700" ind2=" ">
    <subfield code="9">2416</subfield>
    <subfield code="a">Mártinez Miralda, Roger</subfield>
  </datafield>
  <datafield tag="700" ind1="1" ind2=" ">
    <subfield code="9">1860</subfield>
    <subfield code="a">Cabrera Valverde, Jorge Mario</subfield>
  </datafield>
  <datafield ind2=" " ind1="1" tag="700">
    <subfield code="9">2417</subfield>
    <subfield code="a">Kazmierczak, Marcin</subfield>
  </datafield>
  <datafield tag="700" ind1="1" ind2=" ">
    <subfield code="9">2418</subfield>
    <subfield code="a">Zelaya, Ana</subfield>
  </datafield>
  <datafield ind2=" " ind1=" " tag="942">
    <subfield code="2">z</subfield>
    <subfield code="c">01</subfield>
  </datafield>
</record>